
@article{arruda_genetic_2015,
	title = {Genetic {Analysis} {As} a {Practical} {Tool} to {Diagnose} {Hereditary} {Angioedema} with {Normal} {C1} {Inhibitor}: {A} {Case} {Report}},
	volume = {135},
	copyright = {https://www.elsevier.com/tdm/userlicense/1.0/},
	issn = {00916749},
	shorttitle = {Genetic {Analysis} {As} a {Practical} {Tool} to {Diagnose} {Hereditary} {Angioedema} with {Normal} {C1} {Inhibitor}},
	url = {https://linkinghub.elsevier.com/retrieve/pii/S0091674914033594},
	doi = {10.1016/j.jaci.2014.12.1578},
	language = {en},
	number = {2},
	urldate = {2025-03-20},
	journal = {Journal of Allergy and Clinical Immunology},
	author = {Arruda, Luisa Karla P. and Delcaro, Luana and Botelho Palhas, Priscila B. and Dias, Marina M. and Muglia, Valdair F. and Castelli, Erick C. and Bork, Konrad and Moreno, Adriana S.},
	month = feb,
	year = {2015},
	pages = {AB197},
}

@article{mcaleer_severe_2015,
	title = {Severe dermatitis, multiple allergies, and metabolic wasting syndrome caused by a novel mutation in the {N}-terminal plakin domain of desmoplakin},
	volume = {136},
	copyright = {https://www.elsevier.com/tdm/userlicense/1.0/},
	issn = {00916749},
	url = {https://linkinghub.elsevier.com/retrieve/pii/S0091674915006533},
	doi = {10.1016/j.jaci.2015.05.002},
	language = {en},
	number = {5},
	urldate = {2025-03-20},
	journal = {Journal of Allergy and Clinical Immunology},
	author = {McAleer, Maeve A. and Pohler, Elizabeth and Smith, Frances J.D. and Wilson, Neil J. and Cole, Christian and MacGowan, Stuart and Koetsier, Jennifer L. and Godsel, Lisa M. and Harmon, Robert M. and Gruber, Robert and Crumrine, Debra and Elias, Peter M. and McDermott, Michael and Butler, Karina and Broderick, Annemarie and Sarig, Ofer and Sprecher, Eli and Green, Kathleen J. and McLean, W.H. Irwin and Irvine, Alan D.},
	month = nov,
	year = {2015},
	pages = {1268--1276},
	file = {Full Text:/Users/dylanlawless/Zotero/storage/SYMPE8RQ/McAleer et al. - 2015 - Severe dermatitis, multiple allergies, and metabol.pdf:application/pdf},
}

@article{verhoeven_hematopoietic_2022,
	title = {Hematopoietic stem cell transplantation in a patient with proteasome-associated autoinflammatory syndrome ({PRAAS})},
	volume = {149},
	issn = {00916749},
	url = {https://linkinghub.elsevier.com/retrieve/pii/S0091674921012446},
	doi = {10.1016/j.jaci.2021.07.039},
	language = {en},
	number = {3},
	urldate = {2025-03-20},
	journal = {Journal of Allergy and Clinical Immunology},
	author = {Verhoeven, Dorit and Schonenberg-Meinema, Dieneke and Ebstein, Frédéric and Papendorf, Jonas J. and Baars, Paul A. and Van Leeuwen, Ester M.M. and Jansen, Machiel H. and Lankester, Arjan C. and Van Der Burg, Mirjam and Florquin, Sandrine and Maas, Saskia M. and Van Koningsbruggen, Silvana and Krüger, Elke and Van Den Berg, J. Merlijn and Kuijpers, Taco W.},
	month = mar,
	year = {2022},
	pages = {1120--1127.e8},
	file = {Full Text:/Users/dylanlawless/Zotero/storage/YGPZ2K22/Verhoeven et al. - 2022 - Hematopoietic stem cell transplantation in a patie.pdf:application/pdf},
}

@article{magerus-chatinet_autoimmune_2013,
	title = {Autoimmune lymphoproliferative syndrome caused by a homozygous null {FAS} ligand ({FASLG}) mutation},
	volume = {131},
	issn = {00916749},
	url = {https://linkinghub.elsevier.com/retrieve/pii/S0091674912009645},
	doi = {10.1016/j.jaci.2012.06.011},
	language = {en},
	number = {2},
	urldate = {2025-03-20},
	journal = {Journal of Allergy and Clinical Immunology},
	author = {Magerus-Chatinet, Aude and Stolzenberg, Marie-Claude and Lanzarotti, Nina and Neven, Bénédicte and Daussy, Cécile and Picard, Capucine and Neveux, Nathalie and Desai, Mukesh and Rao, Meghana and Ghosh, Kanjaksha and Madkaikar, Manisha and Fischer, Alain and Rieux-Laucat, Frédéric},
	month = feb,
	year = {2013},
	pages = {486--490},
	file = {Full Text:/Users/dylanlawless/Zotero/storage/6UF626QG/Magerus-Chatinet et al. - 2013 - Autoimmune lymphoproliferative syndrome caused by .pdf:application/pdf},
}

@article{sharfe_fatal_2014,
	title = {Fatal combined immunodeficiency associated with heterozygous mutation in {STAT1}},
	volume = {133},
	copyright = {https://www.elsevier.com/tdm/userlicense/1.0/},
	issn = {00916749},
	url = {https://linkinghub.elsevier.com/retrieve/pii/S0091674913014796},
	doi = {10.1016/j.jaci.2013.09.032},
	language = {en},
	number = {3},
	urldate = {2025-03-20},
	journal = {Journal of Allergy and Clinical Immunology},
	author = {Sharfe, Nigel and Nahum, Amit and Newell, Andrea and Dadi, Harjit and Ngan, Bo and Pereira, Sergio L. and Herbrick, Jo-Anne and Roifman, Chaim M.},
	month = mar,
	year = {2014},
	pages = {807--817},
	file = {Full Text:/Users/dylanlawless/Zotero/storage/NRJ69RQV/Sharfe et al. - 2014 - Fatal combined immunodeficiency associated with he.pdf:application/pdf},
}

@article{martin_panelapp_2019,
	title = {{PanelApp} crowdsources expert knowledge to establish consensus diagnostic gene panels},
	volume = {51},
	issn = {1061-4036, 1546-1718},
	url = {https://www.nature.com/articles/s41588-019-0528-2},
	doi = {10.1038/s41588-019-0528-2},
	language = {en},
	number = {11},
	urldate = {2025-03-20},
	journal = {Nature Genetics},
	author = {Martin, Antonio Rueda and Williams, Eleanor and Foulger, Rebecca E. and Leigh, Sarah and Daugherty, Louise C. and Niblock, Olivia and Leong, Ivone U. S. and Smith, Katherine R. and Gerasimenko, Oleg and Haraldsdottir, Eik and Thomas, Ellen and Scott, Richard H. and Baple, Emma and Tucci, Arianna and Brittain, Helen and De Burca, Anna and Ibañez, Kristina and Kasperaviciute, Dalia and Smedley, Damian and Caulfield, Mark and Rendon, Augusto and McDonagh, Ellen M.},
	month = nov,
	year = {2019},
	pages = {1560--1565},
}
